@article{moore1998cramming,
  title={Cramming more components onto integrated circuits},
  author={Moore, Gordon E},
  journal={Proceedings of the IEEE},
  volume={86},
  number={1},
  pages={82--85},
  year={1998},
  publisher={IEEE}
}

@article{wang2020frank,
  title={Frank-van der Merwe growth in bilayer graphene},
  author={Wang, Haozhe and Yao, Zhenpeng and Jung, Gang Seob and Song, Qichen and Hempel, Marek and Palacios, Tomas and Chen, Gang and Buehler, Markus J and Aspuru-Guzik, Al{\'a}n and Kong, Jing},
  journal={Matter},
  volume={4},
  number={10},
  pages={3339--3353},
  year={2021},
  publisher={Elsevier}
}

@article{zhang2020molecular,
  title={Molecular dynamics study on the thermal conductivity of bilayer graphene with nitrogen doping},
  author={Zhang, Xingli and Zhang, Jianlan and Yang, Ming},
  journal={Solid State Communications},
  volume={309},
  pages={113845},
  year={2020},
  publisher={Elsevier}
}

@article{mcgaughey2019phonon,
  title={Phonon properties and thermal conductivity from first principles, lattice dynamics, and the Boltzmann transport equation},
  author={McGaughey, Alan JH and Jain, Ankit and Kim, Hyun-Young and Fu, Bo},
  journal={Journal of Applied Physics},
  volume={125},
  number={1},
  pages={011101},
  year={2019},
  publisher={AIP Publishing LLC}
}

@article{jiang2015graphene,
  title={Graphene versus MoS2: A short review},
  author={Jiang, Jin-Wu},
  journal={Frontiers of Physics},
  volume={10},
  number={3},
  pages={287--302},
  year={2015},
  publisher={Springer}
}

@article{khan2015equilibrium,
  title={Equilibrium molecular dynamics (MD) simulation study of thermal conductivity of graphene nanoribbon: a comparative study on MD potentials},
  author={Khan, Asir Intisar and Navid, Ishtiaque Ahmed and Noshin, Maliha and Uddin, HM and Hossain, Fahim Ferdous and Subrina, Samia},
  journal={Electronics},
  volume={4},
  number={4},
  pages={1109--1124},
  year={2015},
  publisher={Multidisciplinary Digital Publishing Institute}
}